@inproceedings{fainelli2008openwrt,
  title={The OpenWrt embedded development framework},
  author={Fainelli, Florian},
  booktitle={Proceedings of the Free and Open Source Software Developers European Meeting},
  year={2008}
}

@ARTICLE{kim2014implementation,
  title={Implementation of a cost-effective home lighting control system on embedded Linux with OpenWrt},
  author={Kim, Cheong Ghil and Kim, Kuinam J},
  journal={Personal and ubiquitous computing},
  volume={18},
  number={3},
  pages={535--542},
  year={2014},
  publisher={Springer}
}

@misc{LuCI,
  title = {LuCI {-} Technical Reference},
  howpublished = {\url{https://wiki.openwrt.org/doc/techref/luci}},
  note = {Accessed: 2015-01-29}
}

@misc{netgear,
  title = {For Home {|} NETGEAR support},
  howpublished = {\url{http://support.netgear.com/for_home/default.aspx}},
  note = {Accessed: 2015-01-29}
}






