@inproceedings{fainelli2008openwrt,
  title={The OpenWrt embedded development framework},
  author={Fainelli, Florian},
  booktitle={Proceedings of the Free and Open Source Software Developers European Meeting},
  year={2008}
}

@ARTICLE{kim2014implementation,
  title={Implementation of a cost-effective home lighting control system on embedded Linux with OpenWrt},
  author={Kim, Cheong Ghil and Kim, Kuinam J},
  journal={Personal and ubiquitous computing},
  volume={18},
  number={3},
  pages={535--542},
  year={2014},
  publisher={Springer}
}






